<record><leader>00000cas a22000007a 4500</leader><controlfield tag="001">46668114</controlfield><controlfield tag="008">010404d18911915nbudn ne      0    0eng c</controlfield><datafield ind1=" " ind2=" " tag="010"><subfield code="a">  2001225071</subfield></datafield><datafield ind1=" " ind2=" " tag="040"><subfield code="a">CRL</subfield><subfield code="b">eng</subfield><subfield code="c">CRL</subfield><subfield code="d">OCLCQ</subfield><subfield code="d">OCLCF</subfield><subfield code="d">OCLCO</subfield></datafield><datafield ind1="1" ind2=" " tag="029"><subfield code="a">AU@</subfield><subfield code="b">000022590415</subfield></datafield><datafield ind1=" " ind2=" " tag="042"><subfield code="a">msc</subfield></datafield><datafield ind1=" " ind2=" " tag="043"><subfield code="a">n-us-nb</subfield></datafield><datafield ind1="0" ind2="4" tag="245"><subfield code="a">The Hastings daily Republican.</subfield></datafield><datafield ind1="1" ind2=" " tag="246"><subfield code="i">Title in publisher's box:</subfield><subfield code="a">Hastings Republican</subfield><subfield code="f">&lt;1901-1910&gt;</subfield></datafield><datafield ind1=" " ind2=" " tag="260"><subfield code="a">Hastings, Neb. :</subfield><subfield code="b">Republican,</subfield><subfield code="c">-1915.</subfield></datafield><datafield ind1=" " ind2=" " tag="300"><subfield code="a">v.</subfield></datafield><datafield ind1=" " ind2=" " tag="310"><subfield code="a">Daily (except Sun.),</subfield><subfield code="b">&lt;1895&gt;-1915</subfield></datafield><datafield ind1=" " ind2=" " tag="321"><subfield code="a">Daily,</subfield><subfield code="b">&lt;1892&gt;</subfield></datafield><datafield ind1="1" ind2=" " tag="362"><subfield code="a">Began in 1891.</subfield></datafield><datafield ind1="0" ind2=" " tag="362"><subfield code="a">-v. 40, no. 110 (Sept. 4, 1915).</subfield></datafield><datafield ind1=" " ind2=" " tag="515"><subfield code="a">Issues for &lt;Oct. 2, 1895&gt;-Apr. 10 [i.e. 11], 1898 also numbered &lt;v. 7, no. 38&gt;-v. 10, no. 36, continuing the numbering of the Hastings daily Nebraskan.</subfield></datafield><datafield ind1=" " ind2=" " tag="515"><subfield code="a">Issues for Apr. 12, 1898-Sept. 4, 1915 numbered v. 10, no. 37-v. 40, no. 110.</subfield></datafield><datafield ind1=" " ind2=" " tag="515"><subfield code="a">Numbering very irregular.</subfield></datafield><datafield ind1=" " ind2=" " tag="580"><subfield code="a">Weekly eds.: Hastings Wednesday Republican, &lt;1895-1896&gt;, and: Hastings Saturday Republican, &lt;1895-1898&gt;, and: Hastings weekly Republican, &lt;1899&gt;-1902.</subfield></datafield><datafield ind1=" " ind2=" " tag="580"><subfield code="a">Semiweekly ed.: Hastings Republican (Hastings, Neb. : 1902), 1902-1905.</subfield></datafield><datafield ind1=" " ind2=" " tag="588"><subfield code="a">Description based on: 2nd year, no. 76 (May 27, 1892).</subfield></datafield><datafield ind1=" " ind2="0" tag="651"><subfield code="a">Hastings (Neb.)</subfield><subfield code="v">Newspapers.</subfield></datafield><datafield ind1=" " ind2="7" tag="655"><subfield code="a">Newspapers.</subfield><subfield code="2">fast</subfield><subfield code="0">(OCoLC)fst01423814</subfield></datafield><datafield ind1=" " ind2="7" tag="651"><subfield code="a">Nebraska</subfield><subfield code="z">Hastings.</subfield><subfield code="2">fast</subfield><subfield code="0">(OCoLC)fst01218844</subfield></datafield><datafield ind1=" " ind2=" " tag="752"><subfield code="a">United States</subfield><subfield code="b">Nebraska</subfield><subfield code="c">Adams</subfield><subfield code="d">Hastings.</subfield></datafield><datafield ind1="1" ind2=" " tag="775"><subfield code="t">Hastings Wednesday Republican</subfield></datafield><datafield ind1="1" ind2=" " tag="775"><subfield code="t">Hastings Saturday Republican</subfield></datafield><datafield ind1="1" ind2=" " tag="775"><subfield code="t">Hastings weekly Republican</subfield></datafield><datafield ind1="1" ind2=" " tag="775"><subfield code="t">Hastings Republican (Hastings, Neb. : 1902)</subfield></datafield><datafield ind1="0" ind2="5" tag="780"><subfield code="t">Hastings daily Nebraskan</subfield></datafield><datafield ind1="0" ind2="4" tag="785"><subfield code="t">Hastings daily tribune</subfield><subfield code="w">(DLC)sn 90051938</subfield><subfield code="w">(OCoLC)22718029</subfield></datafield></record>